@inproceedings{guerra2018collaborative,
  title={Collaborative target-localization and information-based control in networks of {UAVs}},
  author={Guerra, Anna and Sparnacci, Nicola and Dardari, Davide and Djuri{\'c}, Petar M},
  booktitle={2018 IEEE 19th International Workshop on Signal Processing Advances in Wireless Communications (SPAWC)},
  pages={1--5},
  year={2018},
  organization={IEEE}
}

@incollection{nicholson2007information,
  title={Information-Based Control of Decentralised Sensor Networks},
  author={Nicholson, David and Ramchurn, Sarvapali D and Rogers, Alex},
  booktitle={Defense Industry Applications of Autonomous Agents and Multi-Agent Systems},
  pages={15--32},
  year={2007},
  publisher={Springer}
}

@book{pechoucek2008defense,
  title={Defense Industry Applications of Autonomous Agents and Multi-Agent Systems},
  author={Pechoucek, Michal and Thompson, Simon G and Voos, Holger},
  year={2008},
  publisher={Springer}
}

@inproceedings{testi2020reinforcement,
  title={Reinforcement Learning for Connected Autonomous Vehicle Localization via {UAVs}},
  author={Testi, Enrico and Favarelli, Elia and Giorgetti, Andrea},
  booktitle={2020 IEEE International Workshop on Metrology for Agriculture and Forestry (MetroAgriFor)},
  pages={13--17},
  year={2020},
  organization={IEEE}
}

@inproceedings{grocholsky2003scalable,
  title={Scalable control of decentralised sensor platforms},
  author={Grocholsky, Ben and Makarenko, Alexei and Kaupp, Tobias and Durrant-Whyte, Hugh F},
  booktitle={Information Processing in Sensor Networks},
  pages={96--112},
  year={2003},
  organization={Springer}
}